% This file was created with JabRef 2.7b.
% Encoding: UTF8

@BOOK{anleitung2012,
    editor = {Donath, Markus and Schmidt, Anke},
    title = {Anleitung zu den Experimentellen Übungen zur Mechanik und Elektrizitätslehre},
    publisher = {Physikalisches Institut},
    year = {2012},
    edition = {Auflage 2012},
    organization = {WWU Münster}
},

@BOOK{anleitung2013,
    editor = {Donath, Markus and Schmidt, Anke},
    title = {Anleitung zu den Experimentellen Übungen zur Optik, Wärmelehre und Atomphysik},
    publisher = {Physikalisches Institut},
    year = {2013},
    edition = {Auflage 2013},
    organization = {WWU Münster}
},

@article{heil2012,
    Author = {Heil, Tobias and Gralla, Benedikt and Epping, Michael and Kohl, Helmut},
    Title = {{Improving the reliability of the background extrapolation in transmission electron microscopy elemental maps by using three pre-edge windows}},
    Journal = {{ULTRAMICROSCOPY}},
    Year = {{2012}},
    Volume = {{118}},
    Pages = {{11-16}},
    Month = {{JUL}},
    DOI = {{10.1016/j.ultramic.2012.04.009}},
    ISSN = {{0304-3991}}
},

@misc{ wiki:eigenschaftenWasser,
   author = "Wikipedia",
   title = "Eigenschaften des Wassers --- Wikipedia{,} Die freie Enzyklopädie",
   year = "2015",
   url = "http://de.wikipedia.org/w/index.php?title=Eigenschaften_des_Wassers&oldid=141014847",
   note = "[Online; Stand 2. Mai 2015]"
 }
