% This file was created with JabRef 2.7b.
% Encoding: UTF8

@BOOK{anleitung2012,
    editor = {Donath, Markus and Schmidt, Anke},
    title = {Anleitung zu den Experimentellen Übungen zur Mechanik und Elektrizitätslehre},
    publisher = {Physikalisches Institut},
    year = {2012},
    edition = {Auflage 2012},
    organization = {WWU Münster}
},

@BOOK{anleitung2013,
    editor = {Donath, Markus and Schmidt, Anke},
    title = {Anleitung zu den Experimentellen Übungen zur Optik, Wärmelehre und Atomphysik},
    publisher = {Physikalisches Institut},
    year = {2013},
    edition = {Auflage 2013},
    organization = {WWU Münster}
},

@BOOK{anleitung2015,
    editor = {Donath, Markus and Schmidt, Anke},
    title = {Anleitung zu den Experimentellen Übungen zur Optik, Wärmelehre und Atomphysik},
    publisher = {Physikalisches Institut},
    year = {2015},
    edition = {Auflage 2015},
    organization = {WWU Münster},
    note = {Stand 10. April 2015}
},

@article{heil2012,
    Author = {Heil, Tobias and Gralla, Benedikt and Epping, Michael and Kohl, Helmut},
    Title = {{Improving the reliability of the background extrapolation in transmission electron microscopy elemental maps by using three pre-edge windows}},
    Journal = {{ULTRAMICROSCOPY}},
    Year = {{2012}},
    Volume = {{118}},
    Pages = {{11-16}},
    Month = {{JUL}},
    DOI = {{10.1016/j.ultramic.2012.04.009}},
    ISSN = {{0304-3991}}
},

@misc{ wiki:ethanol,
   author = "Wikipedia",
   title = "Ethanol --- Wikipedia{,} Die freie Enzyklopädie",
   year = "2015",
   url = "http://de.wikipedia.org/w/index.php?title=Ethanol&oldid=141513771",
   note = "[Online; Stand 5. Mai 2015]"
 },
 
 @misc{ wiki:cyclohexan,
    author = "Wikipedia",
    title = "Cyclohexan --- Wikipedia{,} Die freie Enzyklopädie",
    year = "2015",
    url = "http://de.wikipedia.org/w/index.php?title=Cyclohexan&oldid=139366293",
    note = "[Online; Stand 5. Mai 2015]"
  },
  
@misc{ wiki:luft,
   author = "Wikipedia",
   title = "Luft --- Wikipedia{,} Die freie Enzyklopädie",
   year = "2015",
   url = "http://de.wikipedia.org/w/index.php?title=Luft&oldid=141823630",
   note = "[Online; Stand 10. Mai 2015]"
 },
 
  @misc{ wiki:alkane,
    author = "Wikipedia",
    title = "Höhere Alkane --- Wikipedia{,} Die freie Enzyklopädie",
    year = "2015",
    url = "http://de.wikipedia.org/w/index.php?title=H%C3%B6here_Alkane&oldid=141821464",
    note = "[Online; Stand 10. Mai 2015]"
  },
  
   @misc{ wiki:brechindex,
     author = "Wikipedia",
     title = "Brechungsindex --- Wikipedia{,} Die freie Enzyklopädie",
     year = "2015",
     url = "http://de.wikipedia.org/w/index.php?title=Brechungsindex&oldid=141014798",
     note = "[Online; Stand 1. Juni 2015]"
   }